% This file was created with JabRef 2.5.
% Encoding: MacRoman

@ARTICLE{Babloyantz1986,
  author = {Babloyantz, A. and Destexhe, A.},
  title = {{Low-dimensional chaos in an instance of epilepsy}},
  journal = {Proceedings of the National Academy of Sciences of the United States
	of America},
  year = {1986},
  volume = {83},
  pages = {3513},
  number = {10},
  publisher = {National Acad Sciences}
}

@ARTICLE{Badawy2009,
  author = {Badawy, R. and Macdonell, R. and Jackson, G. and Berkovic, S.},
  title = {{The peri-ictal state: cortical excitability changes within 24 h
	of a seizure}},
  journal = {Brain},
  year = {2009},
  volume = {132},
  pages = {1013},
  number = {4},
  publisher = {Oxford Univ Press}
}

@ARTICLE{Beran1985,
  author = {Beran, RG and Hall, L. and Michelazzi, J.},
  title = {{An accurate assessment of the prevalence ratio of epilepsy adequately
	adjusted by influencing factors}},
  journal = {Neuroepidemiology},
  year = {1985},
  volume = {4},
  pages = {71--81},
  number = {2},
  publisher = {Karger Publishers}
}

@ARTICLE{Dua2006,
  author = {Dua, T. and de Boer, H.M. and Prilipko, L.L. and Saxena, S.},
  title = {{Epilepsy care in the world: results of an ILAE/IBE/WHO global campaign
	against epilepsy survey}},
  journal = {Epilepsia},
  year = {2006},
  volume = {47},
  pages = {1225--1231},
  number = {7},
  publisher = {John Wiley \& Sons}
}

@ARTICLE{Schmidt2005,
  author = {Schmidt, D. and L{\\"o}scher, W.},
  title = {{Drug resistance in epilepsy: putative neurobiologic and clinical
	mechanisms}},
  journal = {Epilepsia},
  year = {2005},
  volume = {46},
  pages = {858--877},
  number = {6},
  publisher = {John Wiley \& Sons}
}

@ARTICLE{Theodore2006,
  author = {Theodore, W.H. and Spencer, S.S. and Wiebe, S. and Langfitt, J.T.
	and Ali, A. and Shafer, P.O. and Berg, A.T. and Vickrey, B.G.},
  title = {{Epilepsy in North America: a report prepared under the auspices
	of the global campaign against epilepsy, the International Bureau
	for Epilepsy, the International League Against Epilepsy, and the
	World Health Organization}},
  journal = {Epilepsia},
  year = {2006},
  volume = {47},
  pages = {1700--1722},
  number = {10},
  publisher = {John Wiley \& Sons}
}

@ARTICLE{Wright2006,
  author = {Wright, M.A.S.Y. and Orth, M. and Patsalos, PN and Smith, SJM and
	Richardson, MP},
  title = {{Cortical excitability predicts seizures in acutely drug-reduced
	temporal lobe epilepsy patients}},
  journal = {Neurology},
  year = {2006},
  volume = {67},
  pages = {1646},
  number = {9},
  publisher = {AAN Enterprises}
}

@ARTICLE{Zhao2007,
  author = {Zhao, M. and Suh, M. and Ma, H. and Perry, C. and Geneslaw, A. and
	Schwartz, T.H.},
  title = {{Focal increases in perfusion and decreases in hemoglobin oxygenation
	precede seizure onset in spontaneous human epilepsy}},
  journal = {Epilepsia},
  year = {2007},
  volume = {48},
  pages = {2059--2067},
  number = {11},
  publisher = {John Wiley \& Sons}
}

@comment{jabref-meta: selector_publisher:}

@comment{jabref-meta: selector_author:}

@comment{jabref-meta: selector_journal:}

@comment{jabref-meta: selector_keywords:}

